// bottom-up bfs
@article{beamer2013direction,
  title={Direction-optimizing breadth-first search},
  author={Beamer, Scott and Asanovi{\'c}, Krste and Patterson, David},
  journal={Scientific Programming},
  volume={21},
  number={3-4},
  pages={137--148},
  year={2013},
  publisher={Hindawi Publishing Corporation}
}

// brandes centrality
@article{brandes2001faster,
  title={A faster algorithm for betweenness centrality},
  author={Brandes, Ulrik},
  journal={Journal of mathematical sociology},
  volume={25},
  number={2},
  pages={163--177},
  year={2001},
  publisher={Taylor \& Francis}
}

// facebook and gplus dataset
@inproceedings{leskovec2012learning,
  title={Learning to discover social circles in ego networks},
  author={Leskovec, Jure and Mcauley, Julian J},
  booktitle={Advances in neural information processing systems},
  pages={539--547},
  year={2012}
}

// parallel implementation based off of brandes centrality
@inproceedings{bader2006parallel,
  title={Parallel algorithms for evaluating centrality indices in real-world networks},
  author={Bader, David A and Madduri, Kamesh},
  booktitle={Parallel Processing, 2006. ICPP 2006. International Conference on},
  pages={539--550},
  year={2006},
  organization={IEEE}
}

// first proposed
@book{burt2009structural,
  title={Structural holes: The social structure of competition},
  author={Burt, Ronald S},
  year={2009},
  publisher={Harvard university press}
}

@book{Cormen:2001:IA:580470,
 author={Cormen, Thomas H. and Stein, Clifford and Rivest, Ronald L. and Leiserson, Charles E.},
 title={Introduction to Algorithms},
 year={2001},
 isbn={0070131511},
 edition={2nd},
 publisher={McGraw-Hill Higher Education},
} 

@article{johnson1977efficient,
  title={Efficient algorithms for shortest paths in sparse networks},
  author={Johnson, Donald B},
  journal={Journal of the ACM (JACM)},
  volume={24},
  number={1},
  pages={1--13},
  year={1977},
  publisher={ACM}
}
